@inproceedings{al2010hedera,
  title={Hedera: Dynamic Flow Scheduling for Data Center Networks.},
  author={Al-Fares, Mohammad and Radhakrishnan, Sivasankar and Raghavan, Barath and Huang, Nelson and Vahdat, Amin},
  booktitle={NSDI},
  volume={10},
  pages={19--19},
  year={2010}
}


@article{kliazovich2013dens,
  title={DENS: data center energy-efficient network-aware scheduling},
  author={Kliazovich, Dzmitry and Bouvry, Pascal and Khan, Samee Ullah},
  journal={Cluster computing},
  volume={16},
  number={1},
  pages={65--75},
  year={2013},
  publisher={Springer}
}

@inproceedings{dogar2014decentralized,
  title={Decentralized task-aware scheduling for data center networks},
  author={Dogar, Fahad R and Karagiannis, Thomas and Ballani, Hitesh and Rowstron, Antony},
  booktitle={ACM SIGCOMM Computer Communication Review},
  volume={44},
  number={4},
  pages={431--442},
  year={2014},
  organization={ACM}
}


@inproceedings{wang2010impact,
  title={The impact of virtualization on network performance of amazon ec2 data center},
  author={Wang, Guohui and Ng, TS Eugene},
  booktitle={INFOCOM, 2010 Proceedings IEEE},
  pages={1--9},
  year={2010},
  organization={IEEE}
}

@inproceedings{song2009multi,
  title={Multi-tiered on-demand resource scheduling for VM-based data center},
  author={Song, Ying and Wang, Hui and Li, Yaqiong and Feng, Binquan and Sun, Yuzhong},
  booktitle={Proceedings of the 2009 9th IEEE/ACM International Symposium on Cluster Computing and the Grid},
  pages={148--155},
  year={2009},
  organization={IEEE Computer Society}
}

@misc{ wiki:001,
   author = "Wikipedia",
   title = "Data center --- Wikipedia{,} The Free Encyclopedia",
   year = "2016",
   howpublished = "\url{https://en.wikipedia.org/w/index.php?title=Data_center&oldid=712679562}",
   note = " [Online; accessed 5-April-2016]"
 }


@article{al2008scalable,
  title={A scalable, commodity data center network architecture},
  author={Al-Fares, Mohammad and Loukissas, Alexander and Vahdat, Amin},
  journal={ACM SIGCOMM Computer Communication Review},
  volume={38},
  number={4},
  pages={63--74},
  year={2008},
  publisher={ACM}
}

@article{wang2015survey,
  title={A survey on data center networking for cloud computing},
  author={Wang, Bin and Qi, Zhengwei and Ma, Ruhui and Guan, Haibing and Vasilakos, Athanasios V},
  journal={Computer Networks},
  volume={91},
  pages={528--547},
  year={2015},
  publisher={Elsevier}
}

@article{porter2005perils,
  title={The perils of deep packet inspection},
  author={Porter, Thomas},
  journal={Security Focus},
  year={2005}
}

@inproceedings{dharmapurikar2003deep,
  title={Deep packet inspection using parallel bloom filters},
  author={Dharmapurikar, Sarang and Krishnamurthy, Praveen and Sproull, Todd and Lockwood, John},
  booktitle={High performance interconnects, 2003. proceedings. 11th symposium on},
  pages={44--51},
  year={2003},
  organization={IEEE}
}

@misc{wiki:002,
   author = "Wikipedia",
   title = "Policy-based routing --- Wikipedia{,} The Free Encyclopedia",
   year = "2015",
   howpublished = "\url{https://en.wikipedia.org/w/index.php?title=Policy-based_routing&oldid=693477544}",
   note = " [Online; accessed 6-April-2016]"
 }

 @article{hopps2000analysis,
  title={Analysis of an equal-cost multi-path algorithm},
  author={Hopps, Christian E},
  year={2000},
  note = "[RFC2992]"
}

@article{headquarters2007cisco,
  title={Cisco Data Center Infrastructure 2.5 Design Guide},
  author={Headquarters, Americas},
  year={2007}
}

@misc{ wiki:003,
   author = "Wikipedia",
   title = "Equal-cost multi-path routing --- Wikipedia{,} The Free Encyclopedia",
   year = "2016",
   howpublished ="\url{https://en.wikipedia.org/w/index.php?title=Equal-cost_multi-path_routing&oldid=709066555} " ,
   note = "[Online; accessed 10-April-2016]"
 }